@InCollection{Sinalgo,
  title = {Sinalgo - Simulator for Network Algorithms},
  url = {http://www.dcg.ethz.ch/projects/sinalgo/},
  urldate = {2016-10-30}
}

@InCollection{Rebanho,
  title = {Rebanho Brasileiro Bovino},
  url = {http://www.abiec.com.br/3_rebanho.asp},
  urldate = {2016-10-30}
}

@InCollection{RMI,
  title = {Tutorial RMI - Remote Method Invocation},
  url = {http://www.devmedia.com.br/tutorial-rmi-remote-method-invocation/6442},
  urldate = {2016-10-30}
}

@InCollection{MENEZES:04,
  author = 	 {Gustavo Campos Menezes},
  title = 	 {Modelo e Algoritmos para a definição da densidade, cobertura e conectividade em uma Rede de Sensores sem Fio},
  booktitle = 	 {Dissertação de Mestrado},
  publisher =    {Universidade Federal de Minas Gerais},
  year = 	 {2004},
}

@inproceedings{loureiro2003redes,
	title={Redes de sensores sem fio},
	author={Loureiro, Antonio AF and Nogueira, Jos{\'e} Marcos S and Ruiz, Linnyer Beatrys and Mini, Raquel Aparecida de Freitas and Nakamura, Eduardo Freire and Figueiredo, Carlos Maur{\i}cio Ser{\'o}dio},
	booktitle={Simp{\'o}sio Brasileiro de Redes de Computadores (SBRC)},
	pages={179--226},
	year={2003},
	organization={sn}
}

@article{cavalcanteestendendo,
	title={Estendendo a Capacidade de um Simulador de Redes de Sensores Sem Fios},
	author={Cavalcante, Phillipe and Cavalcante, Evellyn and Cavalcante, Tamer and Ramos, Heitor and Frery, Alejandro C}
}